<?xml version="1.0" encoding="UTF-8"?>
<record xmlns="http://www.loc.gov/MARC21/slim" xmlns:xsi="http://www.w3.org/2001/XMLSchema-instance" xsi:schemaLocation="http://www.loc.gov/MARC21/slim http://www.loc.gov/standards/marcxml/schema/MARC21slim.xsd">
<leader>00000cam a22      a 4500</leader>
<controlfield tag="001">001700745</controlfield>
<controlfield tag="003">NNU</controlfield>
<controlfield tag="005">20150609175953.0</controlfield>
<controlfield tag="008">940302s1960    sy            000 0 araod</controlfield>
<datafield tag="035" ind1=" " ind2=" ">
<subfield code="a">(OCoLC)61736713</subfield>
</datafield>
<datafield tag="040" ind1=" " ind2=" ">
<subfield code="a">LGG</subfield>
<subfield code="b">eng</subfield>
<subfield code="c">LGG</subfield>
<subfield code="d">OCLCG</subfield>
<subfield code="d">OCLCQ</subfield>
<subfield code="d">OCLCA</subfield>
<subfield code="d">OCLCF</subfield>
<subfield code="d">NNU</subfield>
</datafield>
<datafield tag="050" ind1=" " ind2="4">
<subfield code="a">BP128.6</subfield>
<subfield code="b">.M38 1960</subfield>
</datafield>
<datafield tag="100" ind1="1" ind2=" ">
<subfield code="a">Maudoodi, Syed Abul ʻAla,</subfield>
<subfield code="d">1903-1979</subfield>
<subfield code="6">880-01</subfield>
</datafield>
<datafield tag="245" ind1="1" ind2="0">
<subfield code="6">880-02</subfield>
<subfield code="a">Tafsīr Sūrat al-Nūr /</subfield>
<subfield code="c">Abū al-Aʻlá al-Mawdūdī ; taʻrīb Muḥammad ʻĀṣim al-Ḥaddād.</subfield>
</datafield>
<datafield tag="260" ind1=" " ind2=" ">
<subfield code="6">880-03</subfield>
<subfield code="a">Dimashq :</subfield>
<subfield code="b">Dār al-Fikr,</subfield>
<subfield code="c">1960.</subfield>
</datafield>
<datafield tag="300" ind1=" " ind2=" ">
<subfield code="a">288 pages ;</subfield>
<subfield code="c">20 cm.</subfield>
</datafield>
<datafield tag="336" ind1=" " ind2=" ">
<subfield code="a">text</subfield>
<subfield code="b">txt</subfield>
<subfield code="2">rdacontent</subfield>
</datafield>
<datafield tag="337" ind1=" " ind2=" ">
<subfield code="a">unmediated</subfield>
<subfield code="b">n</subfield>
<subfield code="2">rdamedia</subfield>
</datafield>
<datafield tag="338" ind1=" " ind2=" ">
<subfield code="a">volume</subfield>
<subfield code="b">nc</subfield>
<subfield code="2">rdacarrier</subfield>
</datafield>
<datafield tag="490" ind1="1" ind2=" ">
<subfield code="6">880-04</subfield>
<subfield code="a">Dhakhāʼir al-fikr al-Islāmī ;</subfield>
<subfield code="v">12</subfield>
</datafield>
<datafield tag="500" ind1=" " ind2=" ">
<subfield code="a">Translated from Urdu.</subfield>
</datafield>
<datafield tag="630" ind1="0" ind2="0">
<subfield code="a">Qurʼan.</subfield>
<subfield code="p">Sūrat al-Nūr</subfield>
<subfield code="v">Commentaries.</subfield>
</datafield>
<datafield tag="630" ind1="0" ind2="7">
<subfield code="a">Qurʼan.</subfield>
<subfield code="p">Sūrat al-Nūr.</subfield>
<subfield code="2">fast</subfield>
<subfield code="0">(OCoLC)fst01842913</subfield>
</datafield>
<datafield tag="655" ind1=" " ind2="7">
<subfield code="a">Commentaries.</subfield>
<subfield code="2">fast</subfield>
<subfield code="0">(OCoLC)fst01423723</subfield>
</datafield>
<datafield tag="700" ind1="1" ind2=" ">
<subfield code="6">880-05</subfield>
<subfield code="a">Ḥaddād, Muḥammad ʻĀṣim.</subfield>
</datafield>
<datafield tag="880" ind1="1" ind2=" ">
<subfield code="6">100-01/</subfield>
<subfield code="a">مودودي، سيد أبو الأعلى،</subfield>
<subfield code="d">1903-1979.</subfield>
</datafield>
<datafield tag="880" ind1="1" ind2="0">
<subfield code="6">245-02/</subfield>
<subfield code="a">تفسير سورة النور /</subfield>
<subfield code="c">ابو الاعلى المودودي ؛ تعريب محمد عاصم الحداد.</subfield>
</datafield>
<datafield tag="880" ind1=" " ind2=" ">
<subfield code="6">260-03/</subfield>
<subfield code="a">دمشق :</subfield>
<subfield code="b">دار الفكر،</subfield>
<subfield code="c">1960.</subfield>
</datafield>
<datafield tag="880" ind1="1" ind2=" ">
<subfield code="6">490-04/</subfield>
<subfield code="a">ذخائر الفكر الاسلامي ؛</subfield>
<subfield code="v">12</subfield>
</datafield>
<datafield tag="880" ind1="1" ind2=" ">
<subfield code="6">700-05/</subfield>
<subfield code="a">حداد، محمد عاصم.</subfield>
</datafield>
<datafield tag="830" ind1=" " ind2="0">
<subfield code="6">880-06</subfield>
<subfield code="a">Dhakhāʼir al-fikr al-Islāmī ;</subfield>
<subfield code="v">12.</subfield>
</datafield>
<datafield tag="880" ind1=" " ind2="0">
<subfield code="6">830-06/</subfield>
<subfield code="a">ذخائر الفكر الاسلامي ؛</subfield>
<subfield code="v">12.</subfield>
</datafield>
<datafield tag="OWN" ind1=" " ind2=" ">
<subfield code="a">GENERAL</subfield>
</datafield>
<datafield tag="AVA" ind1=" " ind2=" ">
<subfield code="a">NYU50</subfield>
<subfield code="b">BOBST</subfield>
<subfield code="c">Main Collection</subfield>
<subfield code="d">BP128.6 .M8</subfield>
<subfield code="e">unavailable</subfield>
<subfield code="t">Unavailable</subfield>
<subfield code="f">1</subfield>
<subfield code="g">1</subfield>
<subfield code="h">N</subfield>
<subfield code="i">0</subfield>
<subfield code="j">MAIN</subfield>
<subfield code="k">0</subfield>
</datafield>
</record>
